%YAML 1.1
%TAG !u! tag:unity3d.com,2011:
--- !u!54 &3547844287432456514
Rigidbody:
  m_ObjectHideFlags: 0
  m_CorrespondingSourceObject: {fileID: 0}
  m_PrefabInstance: {fileID: 0}
  m_PrefabAsset: {fileID: 0}
  m_GameObject: {fileID: 7964927948233134010}
  serializedVersion: 2
  m_Mass: 1
  m_Drag: 0
  m_AngularDrag: 0.05
  m_UseGravity: 0
  m_IsKinematic: 1
  m_Interpolate: 0
  m_Constraints: 0
  m_CollisionDetection: 0
--- !u!65 &3547844287432456517
BoxCollider:
  m_ObjectHideFlags: 0
  m_CorrespondingSourceObject: {fileID: 0}
  m_PrefabInstance: {fileID: 0}
  m_PrefabAsset: {fileID: 0}
  m_GameObject: {fileID: 7964927948233134010}
  m_Material: {fileID: 0}
  m_IsTrigger: 1
  m_Enabled: 1
  serializedVersion: 2
  m_Size: {x: 1.0000005, y: 0.99999994, z: 1.0000005}
  m_Center: {x: 0, y: 0, z: 0}
--- !u!114 &3547844287432456518
MonoBehaviour:
  m_ObjectHideFlags: 0
  m_CorrespondingSourceObject: {fileID: 0}
  m_PrefabInstance: {fileID: 0}
  m_PrefabAsset: {fileID: 0}
  m_GameObject: {fileID: 7964927948233134010}
  m_Enabled: 1
  m_EditorHideFlags: 0
  m_Script: {fileID: 11500000, guid: e553e1d849619b541b2515a7a842dde1, type: 3}
  m_Name: 
  m_EditorClassIdentifier: 
  Arma2Point: {fileID: 7964927948726450406}
--- !u!54 &3547844287432456519
Rigidbody:
  m_ObjectHideFlags: 0
  m_CorrespondingSourceObject: {fileID: 0}
  m_PrefabInstance: {fileID: 0}
  m_PrefabAsset: {fileID: 0}
  m_GameObject: {fileID: 7964927947860681967}
  serializedVersion: 2
  m_Mass: 1
  m_Drag: 0
  m_AngularDrag: 0.05
  m_UseGravity: 0
  m_IsKinematic: 1
  m_Interpolate: 0
  m_Constraints: 0
  m_CollisionDetection: 0
--- !u!65 &3547844287432456516
BoxCollider:
  m_ObjectHideFlags: 0
  m_CorrespondingSourceObject: {fileID: 0}
  m_PrefabInstance: {fileID: 0}
  m_PrefabAsset: {fileID: 0}
  m_GameObject: {fileID: 7964927947860681967}
  m_Material: {fileID: 0}
  m_IsTrigger: 1
  m_Enabled: 1
  serializedVersion: 2
  m_Size: {x: 1.0372686, y: 0.99999994, z: 1.0000005}
  m_Center: {x: 0.018634086, y: 0, z: 0.0000000044427115}
--- !u!114 &3547844287432456523
MonoBehaviour:
  m_ObjectHideFlags: 0
  m_CorrespondingSourceObject: {fileID: 0}
  m_PrefabInstance: {fileID: 0}
  m_PrefabAsset: {fileID: 0}
  m_GameObject: {fileID: 7964927947860681967}
  m_Enabled: 1
  m_EditorHideFlags: 0
  m_Script: {fileID: 11500000, guid: dea78395202932f43be2c025b14c7611, type: 3}
  m_Name: 
  m_EditorClassIdentifier: 
  Arma1Point: {fileID: 7964927948163405590}
--- !u!1 &7964927948163405590
GameObject:
  m_ObjectHideFlags: 0
  m_CorrespondingSourceObject: {fileID: 0}
  m_PrefabInstance: {fileID: 0}
  m_PrefabAsset: {fileID: 0}
  serializedVersion: 6
  m_Component:
  - component: {fileID: 7964927948163405593}
  m_Layer: 0
  m_Name: Arma1Point
  m_TagString: Untagged
  m_Icon: {fileID: 0}
  m_NavMeshLayer: 0
  m_StaticEditorFlags: 0
  m_IsActive: 1
--- !u!4 &7964927948163405593
Transform:
  m_ObjectHideFlags: 0
  m_CorrespondingSourceObject: {fileID: 0}
  m_PrefabInstance: {fileID: 0}
  m_PrefabAsset: {fileID: 0}
  m_GameObject: {fileID: 7964927948163405590}
  m_LocalRotation: {x: 0, y: 0, z: 0, w: 1}
  m_LocalPosition: {x: 0, y: 0, z: 0}
  m_LocalScale: {x: 1, y: 1, z: 1}
  m_Children: []
  m_Father: {fileID: 7964927947860681966}
  m_RootOrder: 0
  m_LocalEulerAnglesHint: {x: 0, y: 0, z: 0}
--- !u!1 &7964927948726450406
GameObject:
  m_ObjectHideFlags: 0
  m_CorrespondingSourceObject: {fileID: 0}
  m_PrefabInstance: {fileID: 0}
  m_PrefabAsset: {fileID: 0}
  serializedVersion: 6
  m_Component:
  - component: {fileID: 7964927948726450409}
  m_Layer: 0
  m_Name: Arma2Point
  m_TagString: Untagged
  m_Icon: {fileID: 0}
  m_NavMeshLayer: 0
  m_StaticEditorFlags: 0
  m_IsActive: 1
--- !u!4 &7964927948726450409
Transform:
  m_ObjectHideFlags: 0
  m_CorrespondingSourceObject: {fileID: 0}
  m_PrefabInstance: {fileID: 0}
  m_PrefabAsset: {fileID: 0}
  m_GameObject: {fileID: 7964927948726450406}
  m_LocalRotation: {x: 0, y: 0, z: 0, w: 1}
  m_LocalPosition: {x: 0, y: 0, z: 0}
  m_LocalScale: {x: 1, y: 1, z: 1}
  m_Children: []
  m_Father: {fileID: 7964927948233134013}
  m_RootOrder: 0
  m_LocalEulerAnglesHint: {x: 0, y: 0, z: 0}
--- !u!1 &7964927948801551054
GameObject:
  m_ObjectHideFlags: 0
  m_CorrespondingSourceObject: {fileID: 0}
  m_PrefabInstance: {fileID: 0}
  m_PrefabAsset: {fileID: 0}
  serializedVersion: 6
  m_Component:
  - component: {fileID: 7964927948801551057}
  m_Layer: 0
  m_Name: Autos
  m_TagString: Untagged
  m_Icon: {fileID: 0}
  m_NavMeshLayer: 0
  m_StaticEditorFlags: 0
  m_IsActive: 1
--- !u!4 &7964927948801551057
Transform:
  m_ObjectHideFlags: 0
  m_CorrespondingSourceObject: {fileID: 0}
  m_PrefabInstance: {fileID: 0}
  m_PrefabAsset: {fileID: 0}
  m_GameObject: {fileID: 7964927948801551054}
  m_LocalRotation: {x: 0, y: 0, z: 0, w: 1}
  m_LocalPosition: {x: 677.4, y: 22.324, z: 393.258}
  m_LocalScale: {x: 1, y: 1, z: 1}
  m_Children:
  - {fileID: 7964927948683636177}
  - {fileID: 5949202523070232632}
  - {fileID: 5482978444606034267}
  - {fileID: 8213437329265139835}
  m_Father: {fileID: 0}
  m_RootOrder: 0
  m_LocalEulerAnglesHint: {x: 0, y: 0, z: 0}
--- !u!1001 &3547844287432456511
PrefabInstance:
  m_ObjectHideFlags: 0
  serializedVersion: 2
  m_Modification:
    m_TransformParent: {fileID: 7964927948801551057}
    m_Modifications:
    - target: {fileID: 6896526507760311759, guid: 36ab386c09b52244cb04416973103c46,
        type: 3}
      propertyPath: m_Enabled
      value: 0
      objectReference: {fileID: 0}
    - target: {fileID: 6896526507760311761, guid: 36ab386c09b52244cb04416973103c46,
        type: 3}
      propertyPath: m_LocalScale.x
      value: 0.5
      objectReference: {fileID: 0}
    - target: {fileID: 6896526507760311761, guid: 36ab386c09b52244cb04416973103c46,
        type: 3}
      propertyPath: m_LocalScale.y
      value: 0.5
      objectReference: {fileID: 0}
    - target: {fileID: 6896526507760311761, guid: 36ab386c09b52244cb04416973103c46,
        type: 3}
      propertyPath: m_LocalScale.z
      value: 0.5
      objectReference: {fileID: 0}
    - target: {fileID: 6896526507760311761, guid: 36ab386c09b52244cb04416973103c46,
        type: 3}
      propertyPath: m_LocalPosition.x
      value: 0.252
      objectReference: {fileID: 0}
    - target: {fileID: 6896526507760311761, guid: 36ab386c09b52244cb04416973103c46,
        type: 3}
      propertyPath: m_LocalPosition.y
      value: 0.164
      objectReference: {fileID: 0}
    - target: {fileID: 6896526507760311761, guid: 36ab386c09b52244cb04416973103c46,
        type: 3}
      propertyPath: m_LocalPosition.z
      value: 1.268
      objectReference: {fileID: 0}
    - target: {fileID: 6896526508157515392, guid: 36ab386c09b52244cb04416973103c46,
        type: 3}
      propertyPath: m_Enabled
      value: 0
      objectReference: {fileID: 0}
    - target: {fileID: 6896526508157515394, guid: 36ab386c09b52244cb04416973103c46,
        type: 3}
      propertyPath: m_LocalScale.x
      value: 0.5
      objectReference: {fileID: 0}
    - target: {fileID: 6896526508157515394, guid: 36ab386c09b52244cb04416973103c46,
        type: 3}
      propertyPath: m_LocalScale.y
      value: 0.5
      objectReference: {fileID: 0}
    - target: {fileID: 6896526508157515394, guid: 36ab386c09b52244cb04416973103c46,
        type: 3}
      propertyPath: m_LocalScale.z
      value: 0.5
      objectReference: {fileID: 0}
    - target: {fileID: 6896526508157515394, guid: 36ab386c09b52244cb04416973103c46,
        type: 3}
      propertyPath: m_LocalPosition.x
      value: -0.336
      objectReference: {fileID: 0}
    - target: {fileID: 6896526508157515394, guid: 36ab386c09b52244cb04416973103c46,
        type: 3}
      propertyPath: m_LocalPosition.y
      value: 0.155
      objectReference: {fileID: 0}
    - target: {fileID: 6896526508157515394, guid: 36ab386c09b52244cb04416973103c46,
        type: 3}
      propertyPath: m_LocalPosition.z
      value: 1.251
      objectReference: {fileID: 0}
    - target: {fileID: 6896526508514415852, guid: 36ab386c09b52244cb04416973103c46,
        type: 3}
      propertyPath: objBala
      value: 
      objectReference: {fileID: 7699776583901706170, guid: c13b2071e9d7ed8468696237dbde9b38,
        type: 3}
    - target: {fileID: 6896526508514415852, guid: 36ab386c09b52244cb04416973103c46,
        type: 3}
      propertyPath: takeGun
      value: 
      objectReference: {fileID: 3547844287432456523}
    - target: {fileID: 6896526508514415852, guid: 36ab386c09b52244cb04416973103c46,
        type: 3}
      propertyPath: takeGun2
      value: 
      objectReference: {fileID: 3547844287432456518}
    - target: {fileID: 6896526508514415852, guid: 36ab386c09b52244cb04416973103c46,
        type: 3}
      propertyPath: textoVida
      value: 
      objectReference: {fileID: 0}
    - target: {fileID: 6896526508514415852, guid: 36ab386c09b52244cb04416973103c46,
        type: 3}
      propertyPath: posicionTM
      value: 
      objectReference: {fileID: 0}
    - target: {fileID: 6896526508514415852, guid: 36ab386c09b52244cb04416973103c46,
        type: 3}
      propertyPath: textoFinal
      value: 
      objectReference: {fileID: 0}
    - target: {fileID: 6896526508514415852, guid: 36ab386c09b52244cb04416973103c46,
        type: 3}
      propertyPath: textoVelocidad
      value: 
      objectReference: {fileID: 0}
    - target: {fileID: 6896526508514415852, guid: 36ab386c09b52244cb04416973103c46,
        type: 3}
      propertyPath: checkpointContainer
      value: 
      objectReference: {fileID: 0}
    - target: {fileID: 6896526508514415854, guid: 36ab386c09b52244cb04416973103c46,
        type: 3}
      propertyPath: m_RootOrder
      value: 0
      objectReference: {fileID: 0}
    - target: {fileID: 6896526508514415854, guid: 36ab386c09b52244cb04416973103c46,
        type: 3}
      propertyPath: m_LocalPosition.x
      value: 0.7089844
      objectReference: {fileID: 0}
    - target: {fileID: 6896526508514415854, guid: 36ab386c09b52244cb04416973103c46,
        type: 3}
      propertyPath: m_LocalPosition.y
      value: 0.3430004
      objectReference: {fileID: 0}
    - target: {fileID: 6896526508514415854, guid: 36ab386c09b52244cb04416973103c46,
        type: 3}
      propertyPath: m_LocalPosition.z
      value: -2.0379944
      objectReference: {fileID: 0}
    - target: {fileID: 6896526508514415854, guid: 36ab386c09b52244cb04416973103c46,
        type: 3}
      propertyPath: m_LocalRotation.w
      value: 0.7071068
      objectReference: {fileID: 0}
    - target: {fileID: 6896526508514415854, guid: 36ab386c09b52244cb04416973103c46,
        type: 3}
      propertyPath: m_LocalRotation.x
      value: -0
      objectReference: {fileID: 0}
    - target: {fileID: 6896526508514415854, guid: 36ab386c09b52244cb04416973103c46,
        type: 3}
      propertyPath: m_LocalRotation.y
      value: 0.7071068
      objectReference: {fileID: 0}
    - target: {fileID: 6896526508514415854, guid: 36ab386c09b52244cb04416973103c46,
        type: 3}
      propertyPath: m_LocalRotation.z
      value: -0
      objectReference: {fileID: 0}
    - target: {fileID: 6896526508514415854, guid: 36ab386c09b52244cb04416973103c46,
        type: 3}
      propertyPath: m_LocalEulerAnglesHint.x
      value: 0
      objectReference: {fileID: 0}
    - target: {fileID: 6896526508514415854, guid: 36ab386c09b52244cb04416973103c46,
        type: 3}
      propertyPath: m_LocalEulerAnglesHint.y
      value: 90
      objectReference: {fileID: 0}
    - target: {fileID: 6896526508514415854, guid: 36ab386c09b52244cb04416973103c46,
        type: 3}
      propertyPath: m_LocalEulerAnglesHint.z
      value: 0
      objectReference: {fileID: 0}
    - target: {fileID: 6896526508514415857, guid: 36ab386c09b52244cb04416973103c46,
        type: 3}
      propertyPath: m_Name
      value: Player
      objectReference: {fileID: 0}
    m_RemovedComponents: []
  m_SourcePrefab: {fileID: 100100000, guid: 36ab386c09b52244cb04416973103c46, type: 3}
--- !u!4 &7964927948683636177 stripped
Transform:
  m_CorrespondingSourceObject: {fileID: 6896526508514415854, guid: 36ab386c09b52244cb04416973103c46,
    type: 3}
  m_PrefabInstance: {fileID: 3547844287432456511}
  m_PrefabAsset: {fileID: 0}
--- !u!1 &7964927947860681967 stripped
GameObject:
  m_CorrespondingSourceObject: {fileID: 6896526507760311760, guid: 36ab386c09b52244cb04416973103c46,
    type: 3}
  m_PrefabInstance: {fileID: 3547844287432456511}
  m_PrefabAsset: {fileID: 0}
--- !u!4 &7964927947860681966 stripped
Transform:
  m_CorrespondingSourceObject: {fileID: 6896526507760311761, guid: 36ab386c09b52244cb04416973103c46,
    type: 3}
  m_PrefabInstance: {fileID: 3547844287432456511}
  m_PrefabAsset: {fileID: 0}
--- !u!1 &7964927948233134010 stripped
GameObject:
  m_CorrespondingSourceObject: {fileID: 6896526508157515397, guid: 36ab386c09b52244cb04416973103c46,
    type: 3}
  m_PrefabInstance: {fileID: 3547844287432456511}
  m_PrefabAsset: {fileID: 0}
--- !u!4 &7964927948233134013 stripped
Transform:
  m_CorrespondingSourceObject: {fileID: 6896526508157515394, guid: 36ab386c09b52244cb04416973103c46,
    type: 3}
  m_PrefabInstance: {fileID: 3547844287432456511}
  m_PrefabAsset: {fileID: 0}
--- !u!1001 &7964927947762057266
PrefabInstance:
  m_ObjectHideFlags: 0
  serializedVersion: 2
  m_Modification:
    m_TransformParent: {fileID: 7964927948801551057}
    m_Modifications:
    - target: {fileID: 4325368689823397896, guid: 8b6985b41f91446459d74d65ae90d2c1,
        type: 3}
      propertyPath: m_Name
      value: CPU2
      objectReference: {fileID: 0}
    - target: {fileID: 4325368689823397898, guid: 8b6985b41f91446459d74d65ae90d2c1,
        type: 3}
      propertyPath: m_RootOrder
      value: 1
      objectReference: {fileID: 0}
    - target: {fileID: 4325368689823397898, guid: 8b6985b41f91446459d74d65ae90d2c1,
        type: 3}
      propertyPath: m_LocalPosition.x
      value: 0.772
      objectReference: {fileID: 0}
    - target: {fileID: 4325368689823397898, guid: 8b6985b41f91446459d74d65ae90d2c1,
        type: 3}
      propertyPath: m_LocalPosition.y
      value: 0.41600037
      objectReference: {fileID: 0}
    - target: {fileID: 4325368689823397898, guid: 8b6985b41f91446459d74d65ae90d2c1,
        type: 3}
      propertyPath: m_LocalPosition.z
      value: 1.0636292
      objectReference: {fileID: 0}
    - target: {fileID: 4325368689823397898, guid: 8b6985b41f91446459d74d65ae90d2c1,
        type: 3}
      propertyPath: m_LocalRotation.w
      value: 0.7071068
      objectReference: {fileID: 0}
    - target: {fileID: 4325368689823397898, guid: 8b6985b41f91446459d74d65ae90d2c1,
        type: 3}
      propertyPath: m_LocalRotation.x
      value: -0
      objectReference: {fileID: 0}
    - target: {fileID: 4325368689823397898, guid: 8b6985b41f91446459d74d65ae90d2c1,
        type: 3}
      propertyPath: m_LocalRotation.y
      value: 0.7071068
      objectReference: {fileID: 0}
    - target: {fileID: 4325368689823397898, guid: 8b6985b41f91446459d74d65ae90d2c1,
        type: 3}
      propertyPath: m_LocalRotation.z
      value: -0
      objectReference: {fileID: 0}
    - target: {fileID: 4325368689823397898, guid: 8b6985b41f91446459d74d65ae90d2c1,
        type: 3}
      propertyPath: m_LocalEulerAnglesHint.x
      value: 0
      objectReference: {fileID: 0}
    - target: {fileID: 4325368689823397898, guid: 8b6985b41f91446459d74d65ae90d2c1,
        type: 3}
      propertyPath: m_LocalEulerAnglesHint.y
      value: 90
      objectReference: {fileID: 0}
    - target: {fileID: 4325368689823397898, guid: 8b6985b41f91446459d74d65ae90d2c1,
        type: 3}
      propertyPath: m_LocalEulerAnglesHint.z
      value: 0
      objectReference: {fileID: 0}
    - target: {fileID: 4325368689823397899, guid: 8b6985b41f91446459d74d65ae90d2c1,
        type: 3}
      propertyPath: waypointContainer
      value: 
      objectReference: {fileID: 0}
    m_RemovedComponents: []
  m_SourcePrefab: {fileID: 100100000, guid: 8b6985b41f91446459d74d65ae90d2c1, type: 3}
--- !u!4 &5949202523070232632 stripped
Transform:
  m_CorrespondingSourceObject: {fileID: 4325368689823397898, guid: 8b6985b41f91446459d74d65ae90d2c1,
    type: 3}
  m_PrefabInstance: {fileID: 7964927947762057266}
  m_PrefabAsset: {fileID: 0}
--- !u!1001 &7964927948157988016
PrefabInstance:
  m_ObjectHideFlags: 0
  serializedVersion: 2
  m_Modification:
    m_TransformParent: {fileID: 7964927948801551057}
    m_Modifications:
    - target: {fileID: 2494545716137197033, guid: 18e37d847cc34dd4a81695cc8ddfc1b5,
        type: 3}
      propertyPath: m_Name
      value: CPU3
      objectReference: {fileID: 0}
    - target: {fileID: 2494545716137197034, guid: 18e37d847cc34dd4a81695cc8ddfc1b5,
        type: 3}
      propertyPath: maxVelocityFirst
      value: 30
      objectReference: {fileID: 0}
    - target: {fileID: 2494545716137197034, guid: 18e37d847cc34dd4a81695cc8ddfc1b5,
        type: 3}
      propertyPath: waypointContainer
      value: 
      objectReference: {fileID: 0}
    - target: {fileID: 2494545716137197035, guid: 18e37d847cc34dd4a81695cc8ddfc1b5,
        type: 3}
      propertyPath: m_RootOrder
      value: 2
      objectReference: {fileID: 0}
    - target: {fileID: 2494545716137197035, guid: 18e37d847cc34dd4a81695cc8ddfc1b5,
        type: 3}
      propertyPath: m_LocalPosition.x
      value: -4.6260986
      objectReference: {fileID: 0}
    - target: {fileID: 2494545716137197035, guid: 18e37d847cc34dd4a81695cc8ddfc1b5,
        type: 3}
      propertyPath: m_LocalPosition.y
      value: 0.26600075
      objectReference: {fileID: 0}
    - target: {fileID: 2494545716137197035, guid: 18e37d847cc34dd4a81695cc8ddfc1b5,
        type: 3}
      propertyPath: m_LocalPosition.z
      value: -1.7330933
      objectReference: {fileID: 0}
    - target: {fileID: 2494545716137197035, guid: 18e37d847cc34dd4a81695cc8ddfc1b5,
        type: 3}
      propertyPath: m_LocalRotation.w
      value: 0.7071068
      objectReference: {fileID: 0}
    - target: {fileID: 2494545716137197035, guid: 18e37d847cc34dd4a81695cc8ddfc1b5,
        type: 3}
      propertyPath: m_LocalRotation.x
      value: -0
      objectReference: {fileID: 0}
    - target: {fileID: 2494545716137197035, guid: 18e37d847cc34dd4a81695cc8ddfc1b5,
        type: 3}
      propertyPath: m_LocalRotation.y
      value: 0.7071068
      objectReference: {fileID: 0}
    - target: {fileID: 2494545716137197035, guid: 18e37d847cc34dd4a81695cc8ddfc1b5,
        type: 3}
      propertyPath: m_LocalRotation.z
      value: -0
      objectReference: {fileID: 0}
    - target: {fileID: 2494545716137197035, guid: 18e37d847cc34dd4a81695cc8ddfc1b5,
        type: 3}
      propertyPath: m_LocalEulerAnglesHint.x
      value: 0
      objectReference: {fileID: 0}
    - target: {fileID: 2494545716137197035, guid: 18e37d847cc34dd4a81695cc8ddfc1b5,
        type: 3}
      propertyPath: m_LocalEulerAnglesHint.y
      value: 90
      objectReference: {fileID: 0}
    - target: {fileID: 2494545716137197035, guid: 18e37d847cc34dd4a81695cc8ddfc1b5,
        type: 3}
      propertyPath: m_LocalEulerAnglesHint.z
      value: 0
      objectReference: {fileID: 0}
    m_RemovedComponents: []
  m_SourcePrefab: {fileID: 100100000, guid: 18e37d847cc34dd4a81695cc8ddfc1b5, type: 3}
--- !u!4 &5482978444606034267 stripped
Transform:
  m_CorrespondingSourceObject: {fileID: 2494545716137197035, guid: 18e37d847cc34dd4a81695cc8ddfc1b5,
    type: 3}
  m_PrefabInstance: {fileID: 7964927948157988016}
  m_PrefabAsset: {fileID: 0}
--- !u!1001 &7964927948708846397
PrefabInstance:
  m_ObjectHideFlags: 0
  serializedVersion: 2
  m_Modification:
    m_TransformParent: {fileID: 7964927948801551057}
    m_Modifications:
    - target: {fileID: 2266126995917585220, guid: 41582da956e5be0489976f9f013bb2da,
        type: 3}
      propertyPath: m_Name
      value: CPU4
      objectReference: {fileID: 0}
    - target: {fileID: 2266126995917585222, guid: 41582da956e5be0489976f9f013bb2da,
        type: 3}
      propertyPath: m_RootOrder
      value: 3
      objectReference: {fileID: 0}
    - target: {fileID: 2266126995917585222, guid: 41582da956e5be0489976f9f013bb2da,
        type: 3}
      propertyPath: m_LocalPosition.x
      value: -4.69104
      objectReference: {fileID: 0}
    - target: {fileID: 2266126995917585222, guid: 41582da956e5be0489976f9f013bb2da,
        type: 3}
      propertyPath: m_LocalPosition.y
      value: 0.07600021
      objectReference: {fileID: 0}
    - target: {fileID: 2266126995917585222, guid: 41582da956e5be0489976f9f013bb2da,
        type: 3}
      propertyPath: m_LocalPosition.z
      value: 1.0177307
      objectReference: {fileID: 0}
    - target: {fileID: 2266126995917585222, guid: 41582da956e5be0489976f9f013bb2da,
        type: 3}
      propertyPath: m_LocalRotation.w
      value: 0.7071068
      objectReference: {fileID: 0}
    - target: {fileID: 2266126995917585222, guid: 41582da956e5be0489976f9f013bb2da,
        type: 3}
      propertyPath: m_LocalRotation.x
      value: -0
      objectReference: {fileID: 0}
    - target: {fileID: 2266126995917585222, guid: 41582da956e5be0489976f9f013bb2da,
        type: 3}
      propertyPath: m_LocalRotation.y
      value: 0.7071068
      objectReference: {fileID: 0}
    - target: {fileID: 2266126995917585222, guid: 41582da956e5be0489976f9f013bb2da,
        type: 3}
      propertyPath: m_LocalRotation.z
      value: -0
      objectReference: {fileID: 0}
    - target: {fileID: 2266126995917585222, guid: 41582da956e5be0489976f9f013bb2da,
        type: 3}
      propertyPath: m_LocalEulerAnglesHint.x
      value: 0
      objectReference: {fileID: 0}
    - target: {fileID: 2266126995917585222, guid: 41582da956e5be0489976f9f013bb2da,
        type: 3}
      propertyPath: m_LocalEulerAnglesHint.y
      value: 90
      objectReference: {fileID: 0}
    - target: {fileID: 2266126995917585222, guid: 41582da956e5be0489976f9f013bb2da,
        type: 3}
      propertyPath: m_LocalEulerAnglesHint.z
      value: 0
      objectReference: {fileID: 0}
    - target: {fileID: 2266126995917585223, guid: 41582da956e5be0489976f9f013bb2da,
        type: 3}
      propertyPath: maxVelocityFirst
      value: 30
      objectReference: {fileID: 0}
    - target: {fileID: 2266126995917585223, guid: 41582da956e5be0489976f9f013bb2da,
        type: 3}
      propertyPath: waypointContainer
      value: 
      objectReference: {fileID: 0}
    m_RemovedComponents: []
  m_SourcePrefab: {fileID: 100100000, guid: 41582da956e5be0489976f9f013bb2da, type: 3}
--- !u!4 &8213437329265139835 stripped
Transform:
  m_CorrespondingSourceObject: {fileID: 2266126995917585222, guid: 41582da956e5be0489976f9f013bb2da,
    type: 3}
  m_PrefabInstance: {fileID: 7964927948708846397}
  m_PrefabAsset: {fileID: 0}
